@book{mcconnell03,
    author = "Jefferey J. McConnnell",
    title = "Computer Graphics Companion",
    year =  "2003",
    publisher = "Wiley"
}

@book{gonzalez18,
    author = " Rafael C. Gonzale and Richard E Woods",
    title = "Digitial Image Processing",
    year = "2018",
    publisher = "Pearson",
    edition = "4",
    address = "New York",
}

@book{lecarme13,
    author = "Olivier Lecarme and Karine Delvare",
    title = "The book of GIMP: A complete guid to nearly everything",
    year = "2013",
    publisher = "No Startch Press"
}
